<?xml version="1.0" encoding="UTF-8"?><collection xmlns="http://www.loc.gov/MARC21/slim"><record><leader>00559nam--2200181-i-4500</leader><controlfield tag="001">000019551</controlfield><controlfield tag="002">20161230</controlfield><controlfield tag="005">20161230201033</controlfield><controlfield tag="008">060222s1000------------r-----000-0-fre-d</controlfield><datafield ind1=" " ind2=" " tag="040"><subfield code="a">IFIN-HH</subfield></datafield><datafield ind1=" " ind2=" " tag="041"><subfield code="a">fre</subfield></datafield><datafield ind1=" " ind2=" " tag="080"><subfield code="a">537.622.5(043):534-8(043)</subfield></datafield><datafield ind1="1" ind2=" " tag="100"><subfield code="a">Ferry, Benoit</subfield></datafield><datafield ind1="1" ind2="0" tag="245"><subfield code="a">Interactions entre les ultrasons et les ondes de spin dans les differentes phases magnetiques d'un antiferromagnetique uniaxial</subfield><subfield code="b">These</subfield><subfield code="c">Benoit ferry</subfield></datafield><datafield ind1=" " ind2=" " tag="260"><subfield code="a">Paris</subfield><subfield code="b">Universite</subfield><subfield code="c">1974</subfield></datafield><datafield ind1=" " ind2=" " tag="300"><subfield code="a">103 P</subfield></datafield><datafield ind1=" " ind2=" " tag="852"><subfield code="a">42178</subfield><subfield code="c">539.2</subfield></datafield><datafield ind1=" " ind2=" " tag="CAT"><subfield code="a">Sys</subfield><subfield code="c">20121024</subfield><subfield code="h">123247</subfield></datafield></record></collection>